<record><leader>00000cas a22000007a 4500</leader><controlfield tag="001">16126304</controlfield><controlfield tag="008">870702d18681869iauwr ne      0    0eng d</controlfield><datafield ind1=" " ind2=" " tag="010"><subfield code="a">sn 87058439 </subfield></datafield><datafield ind1=" " ind2=" " tag="040"><subfield code="a">INP</subfield><subfield code="b">eng</subfield><subfield code="c">INP</subfield><subfield code="d">OCLCQ</subfield></datafield><datafield ind1=" " ind2=" " tag="042"><subfield code="a">msc</subfield></datafield><datafield ind1="0" ind2="4" tag="245"><subfield code="a">The Osage weekly tribune.</subfield></datafield><datafield ind1="3" ind2="0" tag="246"><subfield code="a">Osage tribune</subfield></datafield><datafield ind1=" " ind2=" " tag="260"><subfield code="a">Osage, Mitchell County, Iowa :</subfield><subfield code="b">R.K. Crum &amp; N.L. Rood,</subfield><subfield code="c">1868-1869.</subfield></datafield><datafield ind1=" " ind2=" " tag="300"><subfield code="a">1 v.</subfield></datafield><datafield ind1=" " ind2=" " tag="310"><subfield code="a">Weekly</subfield></datafield><datafield ind1="0" ind2=" " tag="362"><subfield code="a">Vol. 1, no. 1 (Nov. 26, 1868)-v. 1, no. 26 (May 20, 1869).</subfield></datafield><datafield ind1=" " ind2=" " tag="752"><subfield code="a">United States</subfield><subfield code="b">Iowa</subfield><subfield code="c">Mitchell</subfield><subfield code="d">Osage.</subfield></datafield><datafield ind1="0" ind2="0" tag="780"><subfield code="t">North Iowan (Osage, Iowa : 1865)</subfield><subfield code="w">(DLC)sn 87058438</subfield></datafield><datafield ind1="0" ind2="4" tag="785"><subfield code="t">Mitchell County press (West Mitchell, Iowa : 1865)</subfield><subfield code="w">(DLC)sn 84027355</subfield></datafield></record>